<?xml version="1.0" encoding="UTF-8"?><collection xmlns="http://www.loc.gov/MARC21/slim"><record><leader>00399nam--2200145-i-4500</leader><controlfield tag="001">000004189</controlfield><controlfield tag="002">20161230</controlfield><controlfield tag="005">20161230201025</controlfield><controlfield tag="008">060222s1000------------r-----000-0-eng-d</controlfield><datafield ind1=" " ind2=" " tag="080"><subfield code="a">669.017</subfield></datafield><datafield ind1=" " ind2=" " tag="100"><subfield code="a">Butts, Allison A.B</subfield></datafield><datafield ind1=" " ind2=" " tag="245"><subfield code="a">Metallurgical problems</subfield></datafield><datafield ind1=" " ind2=" " tag="260"><subfield code="a">New York, Mcgraw-hill Book Co., Inc., Xii + 446 P</subfield></datafield><datafield ind1=" " ind2=" " tag="490"><subfield code="a">Metallurgy And Metallurgical Engineering Serie S</subfield></datafield><datafield ind1=" " ind2=" " tag="852"><subfield code="a">5156</subfield></datafield></record></collection>